<record><leader>00000cas a22000007a 4500</leader><controlfield tag="001">14708600</controlfield><controlfield tag="008">861113d18831896pauwr ne      0    0eng d</controlfield><datafield ind1=" " ind2=" " tag="010"><subfield code="a">sn 86081986 </subfield></datafield><datafield ind1=" " ind2=" " tag="040"><subfield code="a">NPH</subfield><subfield code="b">eng</subfield><subfield code="c">NPH</subfield><subfield code="d">OCLCQ</subfield></datafield><datafield ind1=" " ind2=" " tag="042"><subfield code="a">msc</subfield></datafield><datafield ind1="0" ind2="0" tag="245"><subfield code="a">Towanda weekly review.</subfield></datafield><datafield ind1=" " ind2=" " tag="260"><subfield code="a">Towanda, Bradford Co., Pa. :</subfield><subfield code="b">Thompson and Goodenough</subfield></datafield><datafield ind1=" " ind2=" " tag="300"><subfield code="a">v. ;</subfield><subfield code="c">68 cm.</subfield></datafield><datafield ind1=" " ind2=" " tag="310"><subfield code="a">Weekly</subfield></datafield><datafield ind1="1" ind2=" " tag="362"><subfield code="a">Began with Apr. 10, 1883 issue.</subfield><subfield code="z">Cf. Rossell, G. Pa. newspapers.</subfield></datafield><datafield ind1="1" ind2=" " tag="362"><subfield code="a">Ceased with Nov. 15, 1896 issue.</subfield><subfield code="z">Cf. Heverly, C.F. Hist. &amp; geog. of Bradford Co., Pa. 1615-1924.</subfield></datafield><datafield ind1=" " ind2=" " tag="580"><subfield code="a">Also issued in a daily edition.</subfield></datafield><datafield ind1=" " ind2=" " tag="588"><subfield code="a">Description based on: Vol. 2, no. 44 (Feb. 6, 1885).</subfield></datafield><datafield ind1=" " ind2=" " tag="752"><subfield code="a">United States</subfield><subfield code="b">Pennsylvania</subfield><subfield code="c">Bradford</subfield><subfield code="d">Towanda.</subfield></datafield><datafield ind1="0" ind2="7" tag="785"><subfield code="t">Bradford semi-weekly republican</subfield><subfield code="w">(DLC)sn 86081932</subfield></datafield><datafield ind1="0" ind2="7" tag="785"><subfield code="t">Bradford weekly Republican</subfield><subfield code="w">(DLC)sn 86081982</subfield></datafield></record>